@Comment 	Benjamin Van Durme, vandurme@cs.jhu.edu, 23 Jun 2010

@string{aaai = {Proc. of the National Conference on Artificial Intelligence (AAAI)}}
@string{acl = {Proc. of the Annual Meeting of the Association for Computational Linguistics (ACL)}}
@string{aia = {Proc. of the International Conference on Artificial Intelligence and Applications (AIA)}}
@string{aistats = {Proc. of the International Conference on Artificial Intelligence and Statistics (AIStats)}}
@string{amta = {Proc. of the Conference of the Association for Machine Translation in the Americas (AMTA)}}
@string{cikm = {Proc. of the Conference on Information and Knowledge Management (CIKM)}}
@string{cl = {Computational Linguistics}}
@string{coling = {Proc. of the International Conference on Computational Linguistics (COLING)}}
@string{colt = {Proc. of the Annual ACM Workshop on Computational Learning Theory (COLT)}}
@string{conll = {Proc. of the Annual Conference on Computational Natural Language Learning (CoNLL)}}
@string{cvpr = {Proc. of the Conference on Computer Vision and Pattern Recognition (CVPR)}}
@string{eacl = {Proc. of the Meeting of the European Association of Computational Linguistics (EACL)}}
@string{ecml = {Proc. of the European Conference on Machine Learning (ECML)}}
@string{emnlp = {Proc. of the Conference on Empirical Methods in Natural Language Processing (EMNLP)}}
@string{hlt = {Proc. of the International Conference on Human Language Technology Research (HLT)}}
@string{icann = {Proc. of the International Conference on Artificial Neural Networks (ICANN)}}
@string{icml = {Proc. of the International Conference on Machine Learning (ICML)}}
@string{ijcai = {Proc. of the International Joint Conference on Artificial Intelligence (IJCAI)}}
@string{ijcnlp = {Proc. of the International Joint Conference on Natural Language Processing (IJCNLP)}}
@string{jmlr = {Journal of Machine Learning Research}}
@string{ml = {Machine Learning}}
@string{mts = {Proc. of the Machine Translation Summit}}
@string{naacl = {Proc. of the Annual Meeting of the North American Association of Computational Linguistics (NAACL)}}
@string{nips = {Proc. of the Conference on Advances in Neural Information Processing Systems (NIPS)}}
@string{pods = {Proc. of tha Annual ACM Symposium on Principles of Database Systems}}
@string{sigir = {Proc. of International Conference on Research and Development in Information Retrieval (SIGIR)}}
@string{soda = {Proc. of the Annual ACM-SIAM Symposium on Discrete Algorithms}}
@string{talip = {ACM Transactions on Asian Language Information Processing (TALIP)}}
@string{uai = {Proc. of the Conference on Uncertainty in Artificial Intelligence (UAI)}}
@string{www = {Proc. of the International Conference on World Wide Web (WWW)}}

@inproceedings{Klementiev:2006b,
	Author = {Alexandre Klementiev and Dan Roth},
	Booktitle = ACL,
	Date-Added = {2007-12-10 13:59:03 -0600},
	Date-Modified = {2009-01-07 12:18:22 -0600},
	Keywords = {Named Entity Discovery, Transliteration, Russian},
	Local-Url = {file://localhost/Users/aklement/Documents/Research/Papers/acl06.pdf},
	Title = {Weakly Supervised Named Entity Transliteration and Discovery from Multilingual Comparable Corpora},
	Year = {2006}}

@inproceedings{Pereira:1993,
	Author = {Fernando Pereira and Naftali Tishby and Lillian Lee},
	Booktitle = acl,
	Date-Added = {2010-06-10 18:33:20 -0400},
	Date-Modified = {2010-06-10 18:34:38 -0400},
	Title = {Distributional Clustering of English Words},
	Year = {1993}}

@inproceedings{Li:2010,
	Author = {Ping Li and Arnd Christian K{\"o}nig},
	Booktitle = www,
	Date-Added = {2010-06-10 14:20:53 -0400},
	Date-Modified = {2010-06-10 14:21:32 -0400},
	Title = {b-{B}it Minwise Hashing},
	Year = {2010}}

@InProceedings{LiChurchHastieNIPS08,
  author = 	 {Ping Li and Kenneth W. Church and Trevor J. Hastie},
  title = 	 {{One Sketch For All: Theory and Application of Conditional Random Sampling}},
  booktitle = nips,
  year = 	 {2008},
}

@Article{LiChurchCL07,
  author = 	 {Ping Li and Kenneth W. Church},
  title = 	 {A sketch algorithm for estimating two-way and multi-way associations},
  journal = 	 {Computational Linguistics},
  year = 	 {2007},
  volume = 	 {33},
  number = 	 {3},
  pages = 	 {305-354},
}

@InProceedings{VanDurmeLallIJCAI09,
  author = 	 {Benjamin {Van Durme} and Ashwin Lall},
  title = 	 {{Probabilistic Counting with Randomized Storage}},
  booktitle = ijcai,
  year = 	 {2009},
}

@incollection{VanDurmeLallNIPS09,
 title = {{Streaming Pointwise Mutual Information}},
 author = {Benjamin {Van Durme} and Ashwin Lall},
 booktitle = nips,
 year = {2009}
}


@incollection{VanDurmeLallACL10,
 title = {{Online Generation of Locality Sensitive Hash Signatures}},
 author = {Benjamin {Van Durme} and Ashwin Lall},
 booktitle = acl,
 year = {2010}
}


@InProceedings{ravichandranACL05,
  author = 	 {Deepak Ravichandran and Patrick Pantel and Eduard Hovy},
  title = 	 {{Randomized Algorithms and NLP: Using Locality Sensitive Hash Functions for High Speed Noun Clustering}},
  booktitle = acl,
  year = 	 {2005},
}


@InProceedings{LiChurchHastieNIPS2008,
  author = 	 {Ping Li and Kenneth W. Church and Trevor J. Hastie},
  title = 	 {{One Sketch For All: Theory and Application of Conditional Random Sampling}},
  booktitle = nips,
  year = 	 {2008},
}



@InProceedings{charikarSTOC02,
  author = {Moses Charikar},
  title = {Similarity Estimation Techniques from Rounding Algorithms},
  booktitle = {Proceedings of STOC},
  year = {2002},
}

@inproceedings{IndykSTOC98,
  title = {Approximate nearest neighbors: towards removing the curse of dimensionality},
  author = {Piotr Indyk and Rajeev Motwani},
  booktitle = {Proceedings of STOC},
  year = {1998},
}

@article{goemansJACM95,
  author = {Michel X. Goemans and David P. Williamson},
  title = {Improved Approximation Algorithms for Maximum Cut and Satisfiability Problems Using Semidefinite Programming},
  journal = {JACM},
  volume = {42},
  issue = {6},
  pages = {1115-1145},
  year = {1995},
}